<?xml version="1.0" encoding="UTF-8"?><collection xmlns="http://www.loc.gov/MARC21/slim"><record><leader>00540nam--2200181-i-4500</leader><controlfield tag="001">000039380</controlfield><controlfield tag="002">20161230</controlfield><controlfield tag="005">20161230201042</controlfield><controlfield tag="008">060222s1000------------r-----000-0-eng-d</controlfield><datafield ind1=" " ind2=" " tag="040"><subfield code="a">IFIN-HH</subfield></datafield><datafield ind1=" " ind2=" " tag="080"><subfield code="a">539.12...162.8</subfield></datafield><datafield ind1="1" ind2=" " tag="100"><subfield code="a">Preist, T.W</subfield></datafield><datafield ind1="1" ind2="0" tag="245"><subfield code="a">Particle interactions at high energies</subfield><subfield code="b">Scottish universities` summer school 1966</subfield><subfield code="c">T.w. preist, l.l.j. vick (eds.)</subfield></datafield><datafield ind1=" " ind2=" " tag="260"><subfield code="a">Edinburgh</subfield><subfield code="b">Oliver And Boyd</subfield><subfield code="c">1967</subfield></datafield><datafield ind1=" " ind2=" " tag="300"><subfield code="a">XIII + 406P</subfield></datafield><datafield ind1="1" ind2=" " tag="700"><subfield code="a">Vick, L.L.J</subfield><subfield code="e">Ed</subfield></datafield><datafield ind1=" " ind2=" " tag="852"><subfield code="a">76505</subfield><subfield code="c">539.12</subfield></datafield><datafield ind1=" " ind2=" " tag="CAT"><subfield code="a">Sys</subfield><subfield code="c">20120119</subfield><subfield code="h">152951</subfield></datafield></record></collection>